<record><leader>00000cas a22000007a 4500</leader><controlfield tag="001">34985292</controlfield><controlfield tag="008">960625d18841885nmuwr ne      0    0eng d</controlfield><datafield ind1=" " ind2=" " tag="010"><subfield code="a">sn 96061063 </subfield></datafield><datafield ind1=" " ind2=" " tag="040"><subfield code="a">CUY</subfield><subfield code="b">eng</subfield><subfield code="c">CNK</subfield><subfield code="d">OCLCQ</subfield><subfield code="d">OCLCF</subfield><subfield code="d">OCLCO</subfield></datafield><datafield ind1="1" ind2=" " tag="029"><subfield code="a">AU@</subfield><subfield code="b">000012570350</subfield></datafield><datafield ind1=" " ind2=" " tag="042"><subfield code="a">msc</subfield></datafield><datafield ind1=" " ind2=" " tag="043"><subfield code="a">n-us-nm</subfield></datafield><datafield ind1="0" ind2="4" tag="245"><subfield code="a">The herald of the county of Taos.</subfield></datafield><datafield ind1="1" ind2="3" tag="246"><subfield code="a">Taos county herald</subfield></datafield><datafield ind1=" " ind2=" " tag="260"><subfield code="a">Fernandez de Taos, Taos County [N.M.] :</subfield><subfield code="b">J.M. Alvey</subfield></datafield><datafield ind1=" " ind2=" " tag="300"><subfield code="a">v.</subfield></datafield><datafield ind1=" " ind2=" " tag="310"><subfield code="a">Weekly</subfield></datafield><datafield ind1="0" ind2=" " tag="362"><subfield code="a">Vol. 1, no. 3 (July 25, 1884)-</subfield></datafield><datafield ind1="1" ind2=" " tag="362"><subfield code="a">Ceased in 1885.</subfield></datafield><datafield ind1=" " ind2="0" tag="651"><subfield code="a">Taos County (N.M.)</subfield><subfield code="v">Newspapers.</subfield></datafield><datafield ind1=" " ind2="7" tag="655"><subfield code="a">Newspapers.</subfield><subfield code="2">fast</subfield><subfield code="0">(OCoLC)fst01423814</subfield></datafield><datafield ind1=" " ind2="7" tag="651"><subfield code="a">New Mexico</subfield><subfield code="z">Taos County.</subfield><subfield code="2">fast</subfield><subfield code="0">(OCoLC)fst01221052</subfield></datafield><datafield ind1=" " ind2=" " tag="752"><subfield code="a">United States</subfield><subfield code="b">New Mexico</subfield><subfield code="c">Taos</subfield><subfield code="d">Taos.</subfield></datafield><datafield ind1="0" ind2=" " tag="775"><subfield code="t">Heraldo del condado de Taos</subfield><subfield code="w">(DLC)sn 96061065</subfield></datafield><datafield ind1="0" ind2=" " tag="775"><subfield code="t">Heraldo de Taos</subfield><subfield code="w">(DLC)sn 91052381</subfield></datafield><datafield ind1="0" ind2="0" tag="780"><subfield code="t">Taos County herald</subfield><subfield code="w">(DLC)sn 96061062</subfield></datafield><datafield ind1="0" ind2="0" tag="785"><subfield code="t">Taos herald</subfield><subfield code="w">(DLC)sn 96061064</subfield></datafield></record>